<record><leader>00000cas a22000007a 4500</leader><controlfield tag="001">320553320</controlfield><controlfield tag="007">hd uuu---uucu</controlfield><controlfield tag="008">090508c20099999maudr naa     0   a0eng c</controlfield><datafield ind1=" " ind2=" " tag="010"><subfield code="a">  2009201934</subfield></datafield><datafield ind1=" " ind2=" " tag="040"><subfield code="a">NSD</subfield><subfield code="b">eng</subfield><subfield code="c">NSD</subfield><subfield code="d">DLC</subfield><subfield code="d">NSD</subfield><subfield code="d">UMC</subfield><subfield code="d">DLC</subfield><subfield code="d">OCLCF</subfield><subfield code="d">OCLCO</subfield><subfield code="d">OCLCQ</subfield></datafield><datafield ind1=" " ind2=" " tag="012"><subfield code="l">1</subfield></datafield><datafield ind1="0" ind2=" " tag="022"><subfield code="a">1948-0636</subfield><subfield code="2">1</subfield></datafield><datafield ind1=" " ind2=" " tag="037"><subfield code="b">The Christian Science Publishing Society, 210 Massachusetts Ave., Boston, MA, USA 02115-3195</subfield></datafield><datafield ind1=" " ind2=" " tag="042"><subfield code="a">msc</subfield><subfield code="a">nsdp</subfield></datafield><datafield ind1=" " ind2=" " tag="043"><subfield code="a">n-us-ma</subfield></datafield><datafield ind1="0" ind2="0" tag="050"><subfield code="a">Newspaper Microfilm 4927</subfield></datafield><datafield ind1="0" ind2=" " tag="130"><subfield code="a">Christian science monitor (Daily archive ed.)</subfield></datafield><datafield ind1=" " ind2="4" tag="222"><subfield code="a">The Christian science monitor (Daily archive ed.)</subfield></datafield><datafield ind1="1" ind2="4" tag="245"><subfield code="a">The Christian science monitor.</subfield></datafield><datafield ind1=" " ind2=" " tag="250"><subfield code="a">Daily archive ed.</subfield></datafield><datafield ind1=" " ind2=" " tag="260"><subfield code="a">Boston, MA :</subfield><subfield code="b">The Christian Science Pub. Society</subfield></datafield><datafield ind1=" " ind2=" " tag="300"><subfield code="a">microfilm reels ;</subfield><subfield code="c">35 mm</subfield></datafield><datafield ind1=" " ind2=" " tag="310"><subfield code="a">Daily except holidays</subfield></datafield><datafield ind1=" " ind2=" " tag="336"><subfield code="a">text</subfield><subfield code="b">txt</subfield><subfield code="2">rdacontent</subfield></datafield><datafield ind1=" " ind2=" " tag="337"><subfield code="a">microform</subfield><subfield code="b">h</subfield><subfield code="2">rdamedia</subfield></datafield><datafield ind1=" " ind2=" " tag="338"><subfield code="a">microfilm reel</subfield><subfield code="b">hd</subfield><subfield code="2">rdacarrier</subfield></datafield><datafield ind1="1" ind2=" " tag="362"><subfield code="a">Began in 2009?</subfield></datafield><datafield ind1=" " ind2=" " tag="588"><subfield code="a">Description based on: Vol. 104-A, issue 129 (Apr. 1, 2012); title from caption.</subfield></datafield><datafield ind1=" " ind2=" " tag="588"><subfield code="a">Latest issue consulted: Vol. 104-A, issue 158 (Apr. 30, 2012).</subfield></datafield><datafield ind1=" " ind2="0" tag="651"><subfield code="a">Boston (Mass.)</subfield><subfield code="v">Newspapers.</subfield></datafield><datafield ind1=" " ind2="0" tag="651"><subfield code="a">Suffolk County (Mass.)</subfield><subfield code="v">Newspapers.</subfield></datafield><datafield ind1=" " ind2="7" tag="651"><subfield code="a">Massachusetts</subfield><subfield code="z">Boston.</subfield><subfield code="2">fast</subfield><subfield code="0">(OCoLC)fst01205012</subfield></datafield><datafield ind1=" " ind2="7" tag="651"><subfield code="a">Massachusetts</subfield><subfield code="z">Suffolk County.</subfield><subfield code="2">fast</subfield><subfield code="0">(OCoLC)fst01206189</subfield></datafield><datafield ind1=" " ind2="7" tag="655"><subfield code="a">Newspapers.</subfield><subfield code="2">fast</subfield><subfield code="0">(OCoLC)fst01423814</subfield></datafield><datafield ind1="2" ind2=" " tag="710"><subfield code="a">Christian Science Publishing Society.</subfield></datafield><datafield ind1=" " ind2=" " tag="752"><subfield code="a">United States</subfield><subfield code="b">Massachusetts</subfield><subfield code="c">Suffolk</subfield><subfield code="d">Boston.</subfield></datafield><datafield ind1="0" ind2=" " tag="775"><subfield code="t">Christian Science monitor weekly</subfield><subfield code="x">2166-3262</subfield><subfield code="w">(DLC)  2012200102</subfield><subfield code="w">(OCoLC)779595657</subfield></datafield><datafield ind1="0" ind2=" " tag="777"><subfield code="t">Christian Science monitor weekly</subfield><subfield code="g">&lt;v. 104-A, issue 129 (Apr. 1, 2012)-&gt;</subfield><subfield code="x">2166-3262</subfield><subfield code="w">(DLC)  2012200102</subfield><subfield code="w">(OCoLC)779595657</subfield></datafield><datafield ind1="0" ind2="8" tag="787"><subfield code="i">Selected content:</subfield><subfield code="t">Christian science monitor (Boston, Mass. : 1983)</subfield><subfield code="x">0882-7729</subfield><subfield code="w">(DLC)sn 85047512</subfield></datafield></record>